@misc{flower_fedavg_impl,
  author       = {{Flower Labs GmbH.}},
  date         = {2024-01-05},
  howpublished = {\url{https://github.com/adap/flower/blob/main/src/py/flwr/server/strategy/fedavg.py}},
  journaltitle = {GitHub repository},
  title        = {\texttt{fedavg.py} (Flower)}
}

@misc{foolsgold_dl_impl,
  author       = {Fung, Clement and Yoon, Chris J. M. and Beschastnikh, Ivan},
  date         = {2019-05-15},
  howpublished = {\url{https://github.com/DistributedML/FoolsGold/tree/master/deep-fg}},
  journaltitle = {GitHub repository},
  title        = {\texttt{deep-fg/} (FoolsGold)}
}

